@book{JSM,
  title     = {Teoría de la medida},
  author    = {JSM},
  year      = {2017},
  publisher = {Editorial Universitaria}
}

@book{Apunte,
  author    = {Sebastián Donoso, Rodolfo Gutiérrez-Romo, Alejandro Maass},
  publisher = {Universidad de Chile},
  title     = {Una Introducción a la Teoría Ergodica y los Sistemas Dinámicos},
  year      = {2025}
}
